%% EKSEMPEL

@misc{GitHub:Status,
      author = "GitHub.com",
      title = "System Status",
      month = "November",
      year = "2013",
      howpublished ={\url{"https://status.github.com/graphs/past_month"}}
}

%%